@misc{https://doi.org/10.48550/arxiv.2504.12317,
  doi = {10.48550/ARXIV.2504.12317},
  url = {https://arxiv.org/abs/2504.12317},
  author = {Lin,  Dingkang and Zhao,  Naixuan and Tian,  Dan and Li,  Jiang},
  keywords = {Computation and Language (cs.CL),  FOS: Computer and information sciences,  FOS: Computer and information sciences},
  title = {ChatGPT as Linguistic Equalizer? Quantifying LLM-Driven Lexical Shifts in Academic Writing},
  publisher = {arXiv},
  year = {2025},
  copyright = {Creative Commons Attribution 4.0 International}
}